@misc{MCUNet2020,
  author = {Ji Lin and Wei-Ming Chen and Yujun Lin and Jeff Cohn and Chuang Gan and Song Han},
  title  = {MCUNet: Tiny Deep Learning on IoT Devices},
  year   = {2020},
  note   = {NeurIPS},
  howpublished = {\url{https://arxiv.org/abs/2007.10319}}
}

@misc{MCUNetV2_2021,
  author = {Ji Lin and Wei-Ming Chen and Han Cai and Chuang Gan and Song Han},
  title  = {MCUNetV2: Memory-Efficient Patch-Based Inference for Tiny Deep Learning},
  year   = {2021},
  note   = {arXiv preprint arXiv:2110.15352},
  howpublished = {\url{https://arxiv.org/abs/2110.15352}}
}

@misc{CarDataset2015,
  author = {Linjie Yang and Ping Luo and Chen Change Loy and Xiaoou Tang},
  title  = {A Large-Scale Car Dataset for Fine-Grained Categorization and Verification},
  year   = {2015},
  note   = {In Computer Vision and Pattern Recognition (CVPR)},
  howpublished = {\url{https://www.cv-foundation.org/openaccess/content_cvpr_2015/html/Yang_A_Large-Scale_Car_2015_CVPR_paper.html}}
}

@misc{Quantization2018,
  author = {Benoit Jacob and Skirmantas Kligys and Bo Chen and Menglong Zhu and Matthew Tang and Andrew Howard and Hartwig Adam and Dmitry Kalenichenko},
  title  = {Quantization and Training of Neural Networks for Efficient Integer-Arithmetic-Only Inference},
  year   = {2018},
  note   = {In Proceedings of the IEEE Conference on Computer Vision and Pattern Recognition, pages 2704--2713},
  howpublished = {\url{https://arxiv.org/abs/1712.05877}}
}

@misc{MobileNets2017,
  author = {Andrew G. Howard and Menglong Zhu and Bo Chen and Dmitry Kalenichenko and Weijun Wang and Tobias Weyand and Marco Andreetto and Hartwig Adam},
  title  = {MobileNets: Efficient Convolutional Neural Networks for Mobile Vision Applications},
  year   = {2017},
  note   = {arXiv preprint arXiv:1704.04861},
  howpublished = {\url{https://arxiv.org/abs/1704.04861}}
}